<collection xmlns="http://www.loc.gov/MARC21/slim">
<record>
  <leader>00337na 0a22001091i 450 </leader>
  <controlfield tag="001">IT\ICCU\CNCE\066066</controlfield>
  <controlfield tag="005">20060811000000.0</controlfield>
  <datafield tag="100" ind1=" " ind2=" ">
    <subfield code="a">20060810             0itac0103    ba</subfield>
  </datafield>
  <datafield tag="101" ind1=" " ind2=" ">
    <subfield code="a">ITA</subfield>
  </datafield>
  <datafield tag="200" ind1="1" ind2=" ">
    <subfield code="a">Ordini sopra le fattioni, et altre occorrenze de&apos;comuni pubblicati l&apos;anno MDLXXXVIII</subfield>
  </datafield>
  <datafield tag="710" ind1="0" ind2="2">
    <subfield code="a">Mantova</subfield>
    <subfield code="c"> &lt;Ducato&gt;</subfield>
    <subfield code="3">8426</subfield>
  </datafield>
  <datafield tag="801" ind1=" " ind2="3">
    <subfield code="a">IT</subfield>
    <subfield code="b">ICCU</subfield>
    <subfield code="c">20201115</subfield>
  </datafield>
</record>
</collection>
